% A bibtex file with rapidly updated impact factor and quartile in both English and Chinese
% Author: Zhengru Ren
% Date:  31.12.2020

@Comment{Status}
@STRING{	underReview	= "Under review, "}
@STRING{	underRevision	= "Revision submitted, "}
@STRING{	minorRevision	= "Minor submitted, "}
@STRING{	accepted	= "Accepted, "}
@STRING{	inpress	= "In press, "}
@STRING{	ESI_highlyCited	= "\textbf{ESI highly-cited paper }"}

@Comment{Impact factor}
% Ocean
@STRING{	IF_OE	    = "3.068"      }
@STRING{	IF_MS	    = "2.708"      }
@STRING{	IF_AOR	    = "2.753"      }
@STRING{	IF_MarineSciEng	    = "2.033"      }
@STRING{	IF_JSPD	    = "0.656"      }
@STRING{	IF_OMAE	    = "1.186"      }
@STRING{	IF_IJOPE	    = "0.604"      }
% Energy
@STRING{	IF_RSER	    = "12.110"      }
@STRING{	IF_WindEnergy	    = "2.646"      }
@STRING{	IF_energies	    = "2.702"      }
% Mechanicals
@STRING{	IF_MSSP	    = "6.471"      }
@STRING{	IF_engStruc	    = "3.548"      }
@STRING{	IF_EngMath	    = "1.434"      }
% Control
@STRING{	IF_IEEEAccess	    = "3.745"      }
@STRING{	IF_Automatica	    = "6.583"      }
@STRING{	IF_T-ITS	        = "6.319"      }

@STRING{	Info_OE	            = "[" # Q_OE # "," # Str_IF # IF_OE # "]"}
@STRING{	Info_MS	            = "[" # Q_MS # "," # Str_IF # IF_MS # "]"}
@STRING{	Info_AOR            = "[" # Q_AOR # "," # Str_IF # IF_AOR # "]"}
@STRING{	Info_MarineSciEng	= "[" # Q_MarineSciEng # "," # Str_IF # IF_MarineSciEng # "]"}
@STRING{	Info_JSPD           = "[" # Q_JSPD # "," # Str_IF # IF_JSPD # "]"}
@STRING{	Info_OMAE	        = "[" # Q_OMAE # "," # Str_IF # IF_OMAE # "]"}
@STRING{	Info_IJOPE	        = "[" # Q_IJOPE # "," # Str_IF # IF_IJOPE # "]"}
@STRING{	Info_RSER	        = "[" # Q_RSER # "," # Str_IF # IF_RSER # "]"}
@STRING{	Info_WindEnergy	    = "[" # Q_WindEnergy # "," # Str_IF # IF_WindEnergy # "]"}
@STRING{	Info_energies	    = "[" # Q_energies # "," # Str_IF # IF_energies # "]"}
@STRING{	Info_MSSP	        = "[" # Q_MSSP # "," # Str_IF # IF_MSSP # "]"}
@STRING{	Info_engStruc	    = "[" # Q_engStruc # "," # Str_IF # IF_engStruc # "]"}
@STRING{	Info_EngMath	    = "[" # Q_EngMath # "," # Str_IF # IF_EngMath # "]"}
@STRING{	Info_IEEEAccess	    = "[" # Q_IEEEAccess # "," # Str_IF # IF_IEEEAccess # "]"}
@STRING{	Info_Automatica	    = "[" # Q_Automatica # "," # Str_IF # IF_Automatica # "]"}
@STRING{	Info_T-ITS	        = "[" # Q_T-ITS # "," # Str_IF # IF_T-ITS # "]"}

%%%%%%%%%%%%%%  BACHELOR %%%%%%%%%%%%%%%%
@article{liang:2013generalized,
  title={Generalized Weissinger's {L}-method for prediction of curved wings operating above a free surface in subsonic flow},
  author={Liang$^*$, Hui and Zong, Zhi and Sun, Lei and Zou, Li and Zhou, Li and Zhao, Yanjie and \textbf{Ren}, \textbf{Zhengru}},
  journal={Journal of Engineering Mathematics},
  volume={83},
  number={1},
  pages={109--129},
  year={2013},
  publisher={Springer},
  note=Info_EngMath
}

@article{ni:2012software,
  title={船模阻力虚拟试验教学系统开发研究},
  author={倪少玲 and \textbf{任政儒} and 李海涛 and 邵昊燕},
  journal={船海工程},
  volume={41},
  number={6},
  pages={34--37},
  year={2012},
}

@article{ren:2014software,
  title={船模性能虚拟实验教学软件开发和应用},
  author={\textbf{任政儒} and 倪少玲 and 李海涛 and 李隆帜},
  journal={船海工程},
  volume={43},
  number={1},
  pages={95--98},
  year={2014}
}

%%%%%%%%%%%%%%  MASTER %%%%%%%%%%%%%%%%
% Master thesis
@mastersThesis{ren:2015masterthesis,
	author     =     {\textbf{Ren}, \textbf{Zhengru}},
	title     =     {{Fault-Tolerant Control of Thruster-Assisted Position Mooring System}},
	school     =     {Norwegian University of Science and Technology},
	address     =     {Trondheim, Norway},
	year     =     {2015},
}

% paper 01
@article{ren:2015supervisory,
	title={Supervisory control of line breakage for thruster-assisted position mooring system},
	author={\textbf{Ren}, \textbf{Zhengru} and Skjetne, Roger and Hassani, Vahid},
	journal={IFAC-PapersOnLine},
	volume={48},
	number={16},
	pages={235--240},
	year={2015},
	publisher={Elsevier},
}

% paper 02
@article{ren:2015tension,
	title={A Tension-based Position Estimation Approach for Moored Marine Vessels},
	author={\textbf{Ren}, \textbf{Zhengru} and Skjetne, Roger and Kjerstad, {\O}ivind K{\"a}re},
	journal={IFAC-PapersOnLine},
	volume={48},
	number={16},
	pages={248--253},
	year={2015},
	publisher={Elsevier}
}

% paper 03
@article{ren:2016tension,
  title={A Tension-based Position Estimation Solution of a Moored Structure and its Uncertain Anchor Positions},
  author={\textbf{Ren}, \textbf{Zhengru} and Skjetne, Roger},
  journal={IFAC-PapersOnLine},
  volume={49},
  number={23},
  pages={251--257},
  year={2016},
  publisher={Elsevier}
}

% paper 04
@article{ren:2016site,
  title={An on-site current profile estimation algorithm for a moored floating structure},
  author={\textbf{Ren}, \textbf{Zhengru} and Skjetne, Roger},
  journal={IFAC-PapersOnLine},
  volume={49},
  number={23},
  pages={153--158},
  year={2016},
  publisher={Elsevier}
}

%%%%%%%%%%%%%%  PhD %%%%%%%%%%%%%%%%
% paper 05 OMAE2017
@inproceedings{ren:2017modeling,
	title={Modeling and Control of Crane Overload Protection during Marine Lifting Operation Based on Model Predictive Control},
	author={\textbf{Ren}, \textbf{Zhengru} and Skjetne, Roger and Gao, Zhen},
	booktitle={ASME 2017 36th International Conference on Ocean, Offshore and Arctic Engineering},
	pages={OMAE2017-62003},
	year={2017},
	organization={American Society of Mechanical Engineers}
}


% paper 06 high-fidelity model
@article{ren:2018highFidelityModel,
	title={Development and application of a simulator for Offshore Wind Turbine Blades Installation},
	author={\textbf{Ren}, \textbf{Zhengru} and Jiang$^*$, Zhiyu and Skjetne, Roger and Gao, Zhen},
	journal={Ocean Engineering},
	volume={166},
	pages={380--395},
	year={2018},
	note=Info_OE,
}

% paper 07 single blade instalaltion PID
@article{ren:2018singleBladeInstallation,
	title={Active tugger line force control method for single blade installations},
	author={\textbf{Ren}, \textbf{Zhengru} and Jiang$^*$, Zhiyu and Skjetne, Roger and Gao, Zhen},
	journal = {Wind Energy},
	year={2018},
	volume={21},
	pages={1344--1358},
	note = Info_WindEnergy,
}

% paper 08 monopile position monitor 
@article{ren:2019monopilePosition,
title = "Integrated {GNSS/IMU} Hub Motion Estimator for Offshore Wind Turbine Blade Installation",
author = "\textbf{Ren}$^*$, \textbf{Zhengru} and Skjetne, Roger and Jiang, Zhiyu and Gao, Zhen and Verma, Amrit Shankar ",
journal = "Mechanical Systems and Signal Processing",
volume = "123",
pages = "222--243",
year = "2019",
publisher={Elsevier},
note= ESI_highlyCited # Info_MSSP,
}

% paper 09 Energies - blade lifting
@article{ren:2019bladeLift,
  title={A Crane Overload Protection Controller for Blade Lifting Operation Based on Model Predictive Control},
  author={\textbf{Ren}$^*$, \textbf{Zhengru} and Skjetne, Roger and Gao, Zhen},
  journal={Energies},
  volume={12},
  number={1},
  pages={50},
  year={2019},
  publisher={Multidisciplinary Digital Publishing Institute},
 note= ESI_highlyCited # Info_energies,
}

% paper 10. ISOPE 2018
@inproceedings{ren:singleBladeInstallation3Lines,
	title={Single blade installation using active control of three tugger lines},
	author={\textbf{Ren}, \textbf{Zhengru} and Jiang, Zhiyu and Skjetne, Roger and Gao, Zhen},
	booktitle={The 28th International Ocean and Polar Engineering Conference},
    year={2018},
	organization={International Society of Offshore and Polar Engineers},
	pages={594--601},
}

% paper 11 
@article{ren:2020IJOPE,
title = "Active Single-Blade Installation Using Tugger Line Tension Control and Optimal Control Allocation",
author = "\textbf{Ren}, \textbf{Zhengru} and Skjetne, Roger and Jiang$^*$, Zhiyu and Gao, Zhen",
journal = "International Journal of Offshore and Polar Engineering",
volume = "30",
number = "2",
pages = "220-227",
year = "2020",
note = Info_IJOPE,
}

% paper 12
@article{ren:2018underactuated,
title = "Underactuated Control and Analysis of Active Single Blade Installation",
author = "\textbf{Ren}, \textbf{Zhengru} and Skjetne, Roger and Jiang$^*$, Zhiyu and Gao, Zhen",
journal = "Automation in Construction",
volume = "",
number = "",
pages = "",
year = "2018",
note={},
}

%%%%%%%%%%%%%%  PostDoc %%%%%%%%%%%%%%%%
% paper 13
@article{ren:2021backsteppingReview,
title = "A survey of backstepping control design to {ODE} systems",
author = "\textbf{Ren}$^*$, \textbf{Zhengru} and Skjetne, Roger",
journal = "Automatica",
volume = "",
number = "",
pages = "",
year = "2021",
note = underReview # Info_Automatica,
}

% paper 15
@article{ren:2020preassemblyHydraulic,
	title={Active heave compensation of floating wind turbine installation using a catamaran construction vessel},
	author={\textbf{Ren}$^*$, \textbf{Zhengru} and Skjetne, Roger and Verma, Amrit Shankar and Jiang, Zhiyu and Gao, Zhen and Halse, Karl Henning},
	journal={Marine Structures},
	volume={75},
	pages={102868},
	year={2021},
	note= ESI_highlyCited # Info_MS,
}

% paper 16
@article{ren:2020complexShapedPayloadLifting,
	title={Model-free anti-swing control of complex-shaped payload with offshore floating cranes and a large number of lift wires},
	author={\textbf{Ren}, \textbf{Zhengru} and Verma$^*$, Amrit and Ataei, Behfar and Halse, Karl Henning and Hildre, Hans Petter},
	journal={Ocean Engineering},
	volume={228},
	pages={108868},
	year={2021},
	note= Info_OE,
}

% paper 17
@article{ren:2020finiteTimeNNAdapticeCtrl,
	title={Finite-time Neural Adaptive Control of a Class of Nonlinear System: Proved by {B}ernoulli Inequality},
	author={\textbf{Ren}$^*$, \textbf{Zhengru} and Zhao, Bo and Nguyen, Dong~Trong},
	journal={IEEE Access},
	volume={8},
	pages={47768--47775},
	year={2020},
	note=Info_IEEEAccess,
}

% paper 18
@article{ren:2020seaStateEst,
	title={Sea state estimation based on vessel motion responses: improved smoothness and robustness using {B\'e}zier surface and {L}1 optimization},
	author={\textbf{Ren}$^*$, \textbf{Zhengru} and Han, Xu and Verma, Amrit Shankar and Dirdal, Johann Alexander and Skjetne, Roger},
	JOURNAL = {Marine Structures},
	VOLUME = {76},
    YEAR = {2021},
    pages={102904},
    note = Info_MS,
	
}

% paper 19
@article{ren:2021OWT_O&M_review,
	title={Offshore wind turbine operation and maintenance: A state-of-the-art review},
	author={\textbf{Ren}, \textbf{Zhengru} and Verma, Amrit Shankar and Li$^*$, Ye and Teuwen, Julie J.E. and Jiang, Zhiyu},
	JOURNAL = {Renewable \& Sustainable Energy Reviews},
	VOLUME = {144},
    YEAR = {2021},
    pages = {110886},
    note = Info_RSER,
}

% paper 20
@article{ren:20216DOFIdentification,
	title={Data-driven identification of 6{DOF} dynamic model and wave load estimation for a ship in waves},
	author={\textbf{Ren}, \textbf{Zhengru} and Han, Xu and Yu$^*$, Xingji and Skjetne, Roger and Leira, Bernt Johan and S{\ae}vik and Zhu, Man},
	JOURNAL = {Mechanical Systems and Signal Processing},
	VOLUME = {},
    YEAR = {2020},
    NUMBER = {},
    note = underreview # Info_MSSP,
}

%%%%%%%%%%%%%%  Co-author %%%%%%%%%%%%%%%%
% Co.paper 01 OMAE2017 
@inproceedings{xu:2017,
	title={Dynamic Simulation and Control of an Active Roll Reduction System Using Free-Flooding Tanks with Vacuum Pumps},
	author={Xu, Jiafeng and \textbf{Ren}, \textbf{Zhengru} and Li,Yue and Skjetne, Roger and Halse, Karl Henning},
	booktitle={ASME 2017 36th International Conference on Ocean, Offshore and Arctic Engineering},
	pages={OMAE2017-61292},
	year={2017},
	organization={American Society of Mechanical Engineers}
}

@article{xu:2018journalOMAE,
	title={Dynamic Simulation and Control of an Active Roll Reduction System Using Free-Flooding Tanks with Vacuum Pumps},
	author={Xu, Jiafeng and \textbf{Ren}$^*$, \textbf{Zhengru} and Li,Yue and Skjetne, Roger and Halse, Karl Henning},
	journal = {Journal of Offshore Mechanics and Arctic Engineering},
	year={2018},
	volume = {140},
	issue = {6},
	pages = {061302},
	note=Info_OMAE,
}

% Co.paper 02. single blade installation
@article{jiang:2017parametric,
	title={A parametric study on the blade mating process for monopile wind turbine installations under rough environmental conditions},
	author={Jiang, Zhiyu and Gao, Zhen and \textbf{Ren}, \textbf{Zhengru} and Li$^*$, Ye and Duan, Lei},
	journal = {Engineering Structures},
	year={2018},
	volume = {172},
    pages = {1042 - 1056},
	note= Info_engStruc,
}

% Co.paper 03. DeepWInd2018 [cancel]
@article{jiang:2018Numericalcatamaran,
title = "A numerical study of a catamaran installation vessel for installing offshore wind turbines",
journal = "Journal of Physics Conference Series",
author = "Jiang, Zhiyu and \textbf{Ren}, \textbf{Zhengru} and Gao, Zhen and Halse, Karl Henning",
volume = "",
number = "",
pages = "",
year = "2018",
note = "EERA DeepWind' 2018, 15th Deep Sea Offshore Wind R\&D Conference",
}

% Co.paper 04. ISOPE2018
@inproceedings{jiang:2018catamaranMating,
  title={Mating Control of a Wind Turbine Tower-nacelle-rotor Assembly for a Catamaran Installation Vessel},
  author={Jiang, Zhiyu and \textbf{Ren}, \textbf{Zhengru} and Gao, Zhen and Halse, Karl Henning and Sandvik, Peter Christian},
  booktitle={Proceedings of the 2018 International Ocean and Polar Engineering Conference},
  year={2018},
  organization={International Society of Offshore and Polar Engineers},
  pages={584--593},
}

% Co.paper 05. review
@article{jiang:2017review,
	title={Structural reliability analysis of wind turbines: a review},
	author={Jiang, Zhiyu and Hu, Weifei and Dong, Wenbin and Gao, Zhen and \textbf{Ren}$^*$, \textbf{Zhengru}},
	journal = {Energies},
	year={2017},
	volume={10},
	issue={12},
	pages={2099},
	note=Info_energies
}

% Co.paper 06. OMAE2018
@inproceedings{gao:2018probabilistic,
	title={A Summary of the Recent Work at {NTNU} on Marine Operations Related to Installation of Offshore Wind Turbines},
	author={Gao, Zhen and Verma, Amrit Shankar and Zhao, Yuna and Jiang, Zhiyu and \textbf{Ren}, \textbf{Zhengru}},
	booktitle={ASME 2018 37th International Conference on Ocean, Offshore and Arctic Engineering},
	pages={V11AT12A044},
	year={2018},
	organization={American Society of Mechanical Engineers},
}

% Co.paper 07 (Not found)
@inproceedings{jiang:2018development,
	title={海上风力发电机安装研究进展},
	author={蒋致禹 and 高震 and \textbf{任政儒} and 李晔},
	booktitle={},
	pages={},
	year={2018},
	organization={},
	note=accepted,
}

% Co.paper 08. Wind turbine blade mating impact
@article{verma:2019impact,
title = "Impact assessment of a wind turbine blade root during an offshore mating process",
journal = "Engineering Structures",
author = "Verma, Amrit Shankar and Jiang$^*$, Zhiyu and Vedvik, Nils Petter and Gao, Zhen and \textbf{Ren}, \textbf{Zhengru}",
volume = "180",
pages = "205--222",
year = "2019",
note = Info_engStruc,
}

% Co.paper 09. Wind turbine blade mating impact
@inproceedings{jin:2018installation,
title = "Installation of Pre-Assembled Offshore Wind Turbines Using a Catamaran Vessel and an Active Gripper Motion Control Method",
booktitle = "Grand Renewable Energy 2018 Proceedings",
author = "Jin, Jingzhe and Jiang, Zhiyu, Vatne, Sigrid Ringdalen and \textbf{Ren}, \textbf{Zhengru} and Zhao, Yuna and Gao, Zhen",
year = "2018",
}

% Co.Paper 10.Amrit DeepWind
@inproceedings{verma:2018wave,
title = "Wave-wind misalignment effects on a wind turbine blade mating process",
booktitle = "Energy procedia",
author = "Verma, Amrit Shankar and Jiang, Zhiyu and \textbf{Ren}, \textbf{Zhengru} and Gao, Zhen and Vedvikc, Nils Petter",
year = "2018",
}

% Co.Paper 11.Amrit OMAE
@inproceedings{verma:2019OMAE,
  title={Structural Safety Assessment of Marine Operations From a Long-Term Perspective: A Case Study of Offshore Wind Turbine Blade Installation},
  author={Verma, Amrit Shankar and Gao, Zhen and Jiang, Zhiyu and \textbf{Ren}, \textbf{Zhengru} and Vedvik, Nils Petter},
  booktitle={ASME 2019 38th International Conference on Ocean, Offshore and Arctic Engineering},
  year={2019},
  organization={American Society of Mechanical Engineers Digital Collection}
}

% Paper Co. 12
@article{verma:2020misalignment,
  title={Effects of wind-wave misalignment on a wind turbine blade mating process: impact velocities, blade root damages and structural safety assessment},
  author={Verma$^*$, Amrit Shankar and Jiang, Zhiyu and \textbf{Ren}, \textbf{Zhengru} and Gao, Zhen and Vedvik, Nils Petter},
  journal={Journal of Marine Science and Application},
  year={2020},
  volume={19},
  number={},
  pages={218--233},
}

% Paper Co. 13
@article{verma:2019response,
  title={Response-Based Assessment of Operational Limits for Mating Blades on Monopile-Type Offshore Wind Turbines},
  author={Verma$^*$, Amrit Shankar and Jiang, Zhiyu and \textbf{Ren}, \textbf{Zhengru} and Gao, Zhen and Vedvik, Nils Petter},
  journal={Energies},
  volume={12},
  number={10},
  pages={1867},
  year={2019},
  publisher={Multidisciplinary Digital Publishing Institute},
  note=Info_energies,
}

% Paper Co.14
@article{ming2019typeCTank,
  title={A Three-Dimensional Model for Strength Assessment of Type-C Independent Cargo Tank Structures},
  author={Song$^*$, Ming and Qin, Bin and Zhou, Li and \textbf{Ren}, \textbf{Zhengru}},
  journal={Journal of Ship Production and Design},
  volume={36},
  number={04},
  pages={271--279},
  year={2020},
  publisher={The Society of Naval Architects and Marine Engineers},
  note=Info_JSPD,
}

% Paper Co.15
@Article{ming:2019iceOWT,
AUTHOR = {Song, Ming and Shi, Wei and \textbf{Ren}, \textbf{Zhengru} and Zhou$^*$, Li},
TITLE = {Numerical Study of the Interaction between Level Ice and Wind Turbine Tower for Estimation of Ice Crushing Loads on Structure},
JOURNAL = {Journal of Marine Science and Engineering},
VOLUME = {7},
YEAR = {2019},
NUMBER = {12},
pages = {439},
URL = {https://www.mdpi.com/2077-1312/7/12/439},
ISSN = {2077-1312},
DOI = {10.3390/jmse7120439},
note = Info_MarineSciEng,
}

% Paper Co.16
@inproceedings{zhiyu:2020damageIdentification,
AUTHOR = {Jiang, Zhiyu and Marius, Bj{\o}rnholm and Guo, Jiamin and Dong, Wenbin and \textbf{Ren}, \textbf{Zhengru} and Verma, Amrit Shankar},
TITLE = {Damage identification of a jacket support structure for  offshore wind turbines},
booktitle={The 15th IEEE Conference on Industrial Electronics and Applications (ICIEA2020)},
pages={995-1000},
organization={IEEE},
year={2020},
organization={IEEE}
}

% Paper Co.17
@inproceedings{verma:2020leadingEdge,
  title={Leading Edge Erosion of Wind Turbine Blades: Effects of Environmental Parameters on Impact Velocities and Erosion Damage Rate},
  author={Verma, Amrit Shankar and Jiang, Zhiyu and \textbf{Ren}, \textbf{Zhengru} and Teuwen, Julie},
  	booktitle={ASME 2020 39th International Conference on Ocean, Offshore and Arctic Engineering},
	pages={OMAE2020-18173},
	organization={American Society of Mechanical Engineers},
	year={2020},
	page={OMAE2020-18173},
}

% Paper Co.18
@article{roger:2020TAPM_review,
AUTHOR = {Skjetne, Roger and \textbf{Ren}$^*$, \textbf{Zhengru}},
TITLE = {A survey on modeling and control of thruster-assisted position mooring systems},
JOURNAL = {Marine Structures},
VOLUME = {74},
YEAR = {2020},
pages = {102830},
note = Info_MS,
}

% Paper Co.19
@article{verma:2020OMAE_resubmit,
title = "Effects of onshore and offshore environmental parameters on leading edge erosion of wind turbine blades: A comparative study",
author={Verma$^*$, Amrit Shankar and Jiang, Zhiyu and \textbf{Ren}, \textbf{Zhengru} and Hu, Weifei and Teuwen, Julie},
journal = "Journal of Offshore Mechanics and Arctic Engineering",
volume = "143",
number = "4",
pages = "042001",
year = "2020",
note= Info_OMAE,
}

% Paper Co.20
@article{han:2021adaptive,
title = "Adaptive identification of lowpass filter cutoff frequency for online vessel model tuning",
author= "Han$^*$, Xu and \textbf{Ren}, \textbf{Zhengru} and Leira, Bernt Johan and S{\ae}vik, Svein",
journal = "Ocean Engineering",
volume = "",
number = "",
pages = "",
year = "2021",
note= underReview # Info_OE,
}

% Paper Co.21
@article{zhou:2020pathPlanning,
title = "Stepwise path planning with anti-collision using stream function for marine vessels",
author= "Zhou, Hongyu and \textbf{Ren}$^*$, \textbf{Zhengru} and Skjetne, Roger",
journal = "IEEE Transactions on Intelligent Transportation Systems",
volume = "",
number = "",
pages = "",
year = "2021",
note= underReview # Info_T-ITS,
}

% Paper Co.22 - Guo Xinmin, Blade installation

% Paper Co.23
@article{verma:2020LEE_WE,
title = "A probabilistic long-term framework for site-specific erosion analysis of wind turbine blades: A case study of 31 {Dutch} sites",
author= "Verma$^*$, Amrit Shankar and Jiang, Zhiyu and \textbf{Ren}, \textbf{Zhengru} and Caboni, Marco and Verhoef, Hans and Meijer, Harald van der Mijle and Castro, Saullo G.P. and Teuwen, Julie J.E.",
journal = "Wind Energy",
volume = "",
number = "",
pages = "",
year = "2021",
note= Info_WindEnergy,
}

% Paper Co.24
@article{han:2021ukf,
title = "Onboard tuning of vessel seakeeping model parameters and sea state characteristics",
author= "Han$^*$, Xu and Leira, Bernt Johan and S{\ae}vik, Svein and \textbf{Ren},\textbf{Zhengru} ",
journal = "Marine Structures",
volume = "78",
pages = "102998",
year = "2021",
note= Info_MS,
}

% Paper Co.25
@article{zhu:2021reviewArchitecture,
title = "Autonomous systems, Autonomy, Architecture, Automation, Autonomous control",
author= "Chen, Hualong and Wen, Yuanqiao and \textbf{Ren}, \textbf{Zhengru} and Zhu$^*$, Man and Huang, Yamin and Xiao, Changshi and Tao, Wei",
journal = "Applied ocean research",
volume = "",
number = "",
pages = "",
year = "2020",
note= underReview # Info_AOR,
}

% Paper Co.27
@article{amrit:2021LEE_energies,
  title={Minimum Leading Edge Protection Application Length to Combat Rain-Induced Erosion of Wind Turbine},
  author={Verma$^*$, Amrit Shankar and Noi, Sandro Di and \textbf{Ren}, \textbf{Zhengru} and Jiang, Zhiyu and Teuwen, Julie J.E.},
  journal={Energies},
  volume={14},
  number={6},
  pages={1629},
  year={2021},
  publisher={Multidisciplinary Digital Publishing Institute},
 note= Info_energies,
}

% Paper Co.28
@article{ZhuMan:2021modelIdentification,
  title={Extended state observer-based parameter identification of linear steering model for autonomous vessels},
  author={Zhu, Man and Sun, Wuqiang and Wen, Yuanqiao and \textbf{Ren}$^*$, \textbf{Zhengru}},
  journal={Ocean Engineering},
  volume={},
  number={},
  pages={},
  year={2021},
  note= underRevision # Info_OE,
}

%%%%%%%%%%%%%%  中文 Co-author %%%%%%%%%%%%%%%%
@article{duan2019simcape,
  title={基于Simscape的海上钻井平台升沉补偿系统仿真研究},
  author={段玉响 and 周利 and \textbf{任政儒} and 安松},
  journal={第十九届中国海洋(岸)工程学术讨论会论文集},
  year={2019}
}

@article{duan2019heaveCompensatorReview,
  title={主动式升沉补偿技术研究现状和发展趋势},
  author={段玉响 and \textbf{任政儒} and 周利},
  journal={舰船科学技术},
  year={2020}
}

@article{zhou2021heaveCompensator,
  title={主动式升沉补偿控制系统及运动预报},
  author={周利 and 段玉响 and \textbf{任政儒} and 安松},
  journal={华中科技大学学报(自然科学版)},
  year={2021}
}
