@STRING{Str_IF= "IF:"}  

% Ocean
@STRING{Q_OE= "Q1"} 
@STRING{Q_MS= "Q1"} 
@STRING{Q_AOR= "Q2"}
@STRING{Q_MarineSciEng= "Q2"} 
@STRING{Q_JSPD= "Q4"}
@STRING{Q_OMAE= "Q3"} 
@STRING{Q_IJOPE= "Q1"}

% Energy
@STRING{Q_RSER= "Q1"} 
@STRING{Q_WindEnergy= "Q2"} 
@STRING{Q_energies= "Q3"} 

% Mechanicals
@STRING{Q_MSSP= "Q1"} 
@STRING{Q_engStruc= "Q1"}
@STRING{Q_EngMath= "Q3"} 

% Control
@STRING{Q_IEEEAccess= "Q1"} 
@STRING{Q_Automatica= "Q1"} 
@STRING{Q_T-ITS= "Q1"} 