@STRING{Str_IF= "影响因子:"}

% Ocean
@STRING{Q_OE= "JCR一区Top"} 
@STRING{Q_MS= "JCR一区Top"} 
@STRING{Q_AOR= "JCR二区Top"} 
@STRING{Q_MarineSciEng= "JCR二区"} 
@STRING{Q_JSPD= "JCR四区"} 
@STRING{Q_OMAE= "JCR四区"} 
@STRING{Q_IJOPE= "JCR四区"} 

% Energy
@STRING{Q_RSER= "JCR一区Top"} 
@STRING{Q_WindEnergy= "JCR三区"} 
@STRING{Q_energies= "JCR四区"}

% Mechanicals
@STRING{Q_MSSP= "JCR一区Top"} 
@STRING{Q_engStruc= "JCR二区Top"} 
@STRING{Q_EngMath= "JCR四区"} 

% Control
@STRING{Q_IEEEAccess= "JCR二区Top"} 
@STRING{Q_Automatica= "JCR一区Top"} 
@STRING{Q_T-ITS= "JCR一区Top"} 